@article{collaboration2016description,
  title={Description of the Gaia mission (spacecraft, instruments, survey and measurement principles, and operations)},
  author={Collaboration, Gaia and others},
  journal={Gaia Collaboration et al.(2016a): Summary description of Gaia DR1},
  year={2016}
}

@article{gaia2018gaia,
  title={Gaia Data Release 2 Summary of the contents and survey properties},
  author={Gaia, Collaboration and Brown, AGA and Vallenari, A and Prusti, T and de Bruijne, JHJ and Babusiaux, C and Juh{\'a}sz, {\'A}L and Marschalk{\'o}, G and Marton, G and Moln{\'a}r, L and others},
  journal={Astronomy \& Astrophysics},
  volume={616},
  number={1},
  year={2018},
  publisher={EDP Sciences}
}

@article{castro2020hunting,
  title={Hunting for open clusters in Gaia DR2: 582 new open clusters in the Galactic disc},
  author={Castro-Ginard, Alfred and Jordi, C and Luri, X and Cid-Fuentes, J {\'A}lvarez and Casamiquela, Laia and Anders, Friedrich and Cantat-Gaudin, Tristan and Mongui{\'o}, M and Balaguer-N{\'u}{\~n}ez, Lola and Sol{\`a}, S and others},
  journal={Astronomy \& Astrophysics},
  volume={635},
  pages={A45},
  year={2020},
  publisher={EDP Sciences}
}
