%% This BibTeX bibliography file was created using BibDesk.
%% http://bibdesk.sourceforge.net/

@article{balaguer2020clusterix,
  title     = {Clusterix 2.0: a virtual observatory tool to estimate cluster membership probability},
  author    = {Balaguer-N{\'u}nez, L and L{\'o}pez del Fresno, M and Solano, E and Galad{\'\i}-Enr{\'\i}quez, D and Jordi, C and Jimenez-Esteban, F and Masana, E and Carbajo-Hijarrubia, J and Paunzen, E},
  journal   = {Monthly Notices of the Royal Astronomical Society},
  volume    = {492},
  number    = {4},
  pages     = {5811--5843},
  year      = {2020},
  publisher = {Oxford University Press}
}

@article{castro2020hunting,
  title     = {Hunting for open clusters in Gaia DR2: 582 new open clusters in the Galactic disc},
  author    = {Castro-Ginard, Alfred and Jordi, C and Luri, X and Cid-Fuentes, J {\'A}lvarez and Casamiquela, Laia and Anders, Friedrich and Cantat-Gaudin, Tristan and Mongui{\'o}, M and Balaguer-N{\'u}{\~n}ez, Lola and Sol{\`a}, S and others},
  journal   = {Astronomy \& Astrophysics},
  volume    = {635},
  pages     = {A45},
  year      = {2020},
  publisher = {EDP Sciences}
}

@article{collaboration2016description,
  title   = {Description of the Gaia mission (spacecraft, instruments, survey and measurement principles, and operations)},
  author  = {Collaboration, Gaia and others},
  journal = {Gaia Collaboration et al.(2016a): Summary description of Gaia DR1},
  year    = {2016}
}

@article{dias2002new,
  title     = {New catalogue of optically visible open clusters and candidates},
  author    = {Dias, WS and Alessi, BS and Moitinho, A and L{\'e}pine, JRD},
  journal   = {Astronomy \& Astrophysics},
  volume    = {389},
  number    = {3},
  pages     = {871--873},
  year      = {2002},
  publisher = {EDP Sciences},
  url       = {https://heasarc.gsfc.nasa.gov/W3Browse/star-catalog/openclust.html}
}

@article{gaia2018gaia,
  title     = {Gaia Data Release 2 Summary of the contents and survey properties},
  author    = {Gaia, Collaboration and Brown, AGA and Vallenari, A and Prusti, T and de Bruijne, JHJ and Babusiaux, C and Juh{\'a}sz, {\'A}L and Marschalk{\'o}, G and Marton, G and Moln{\'a}r, L and others},
  journal   = {Astronomy \& Astrophysics},
  volume    = {616},
  number    = {1},
  year      = {2018},
  publisher = {EDP Sciences}
}

@article{janes1982open,
  title   = {Open clusters and Galactic structure},
  author  = {Janes, K and Adler, D},
  journal = {The Astrophysical Journal Supplement Series},
  volume  = {49},
  pages   = {425--445},
  year    = {1982}
}

@inproceedings{xie2016unsupervised,
  title     = {Unsupervised deep embedding for clustering analysis},
  author    = {Xie, Junyuan and Girshick, Ross and Farhadi, Ali},
  booktitle = {International conference on machine learning},
  pages     = {478--487},
  year      = {2016}
}
